@article{electronsInLatticeFields,
    author = {H. Fröhlich},
    title = {Electrons in lattice fields},
    journal = {Advances in Physics},
    volume = {3},
    number = {11},
    pages = {325-361},
    year = {1954},
    doi = {10.1080/00018735400101213},
    URL = {http://dx.doi.org/10.1080/00018735400101213},
    eprint = {http://dx.doi.org/10.1080/00018735400101213}
}

@Book{superfluidStatesOfMatter,
    author = {Boris V. Svistunov, Egor S. Babaev, Nikolay V. Prokof'ev},
    title = {Superfluid States of Matter},
    publisher = {CRC Press},
    year = {2015},
    isbn = {3-540-60453-7}
}

@Book{quantumTheoryOfManyParticleSystems,
    author = {Alexander L. Fetter and John Dirk Walecka},
    title = {Quantum Theory of Many-Particle Systems},
    publisher = {Dover Publications},
    year = {2003},
    isbn = {978-0486428277}
}

@article{MishchenkoA.2000DqMC,
    issn = "0163-1829",
    journal = "Physical Review B",
    pages = "6317--6336",
    volume = "62",
    number = "10",
    year = "2000",
    title = "Diagrammatic quantum Monte Carlo study of the Fröhlich polaron",
    language = "eng",
    author = "Mishchenko, A. and Prokof’ev, N. and Sakamoto, A. and Svistunov, B.",
    month = "September",
}

@article{PhysRevLett.99.250201,
  title = {Bold Diagrammatic Monte Carlo Technique: When the Sign Problem Is Welcome},
  author = {Prokof'ev, Nikolay and Svistunov, Boris},
  journal = {Phys. Rev. Lett.},
  volume = {99},
  issue = {25},
  pages = {250201},
  numpages = {4},
  year = {2007},
  month = {Dec},
  publisher = {American Physical Society},
  doi = {10.1103/PhysRevLett.99.250201},
  url = {https://link.aps.org/doi/10.1103/PhysRevLett.99.250201}
}

@book{mattuck2012guide,
  title={A Guide to Feynman Diagrams in the Many-Body Problem: Second Edition },
  author={Mattuck, R.D.},
  isbn={9780486131641},
  series={Dover Books on Physics},
  url={https://books.google.se/books?id=1P\_DAgAAQBAJ},
  year={2012},
  publisher={Dover Publications}
}
