@article{electronsInLatticeFields,
    author = {H. Fr√∂hlich},
    title = {Electrons in lattice fields},
    journal = {Advances in Physics},
    volume = {3},
    number = {11},
    pages = {325-361},
    year = {1954},
    doi = {10.1080/00018735400101213},
    URL = {http://dx.doi.org/10.1080/00018735400101213},
    eprint = {http://dx.doi.org/10.1080/00018735400101213}
}

@Book{superfluidStatesOfMatter,
    author = {Boris V. Svistunov, Egor S. Babaev, Nikolay V. Prokof'ev},
    title = {Superfluid States of Matter},
    publisher = {CRC Press},
    year = {2015},
    isbn = {3-540-60453-7}
}

@Book{quantumTheoryOfManyParticleSystems,
    author = {Alexander L. Fetter and John Dirk Walecka},
    title = {Quantum Theory of Many-Particle Systems},
    publisher = {Dover Publications},
    year = {2003},
    isbn = {978-0486428277}
}